<?xml version="1.0" encoding="UTF-8"?><collection xmlns="http://www.loc.gov/MARC21/slim"><record><leader>00482nam--2200157-i-4500</leader><controlfield tag="001">000009808</controlfield><controlfield tag="002">20161230</controlfield><controlfield tag="005">20170306182437</controlfield><controlfield tag="008">060222s1000------------r-----000-0-eng-d</controlfield><datafield ind1=" " ind2=" " tag="100"><subfield code="a">Bradley, N</subfield></datafield><datafield ind1=" " ind2=" " tag="245"><subfield code="a">Water-cooled reactors. A United Kingdon water-cooled reactor</subfield></datafield><datafield ind1=" " ind2=" " tag="260"><subfield code="a">Vienna</subfield><subfield code="b">International Atomic Energy Agency</subfield><subfield code="c">1966</subfield></datafield><datafield ind1=" " ind2=" " tag="300"><subfield code="a">12 p. + 17 Fig</subfield></datafield><datafield ind1=" " ind2=" " tag="490"><subfield code="a">International Survey Course-vienna, Secpt. 1966</subfield></datafield><datafield ind1=" " ind2=" " tag="852"><subfield code="a">621.039.534.44</subfield></datafield><datafield ind1=" " ind2=" " tag="CAT"><subfield code="a">SYS</subfield><subfield code="c">20170306</subfield><subfield code="h">182437</subfield></datafield></record></collection>